

###################################################
#                  Standards                      #
###################################################



###################################################
#                    Papers                       #
###################################################

@article{SEFM2012,
   author = {Philippe Ayrault, Vincent Benayoun, Catherine Dubois and Fran\c{c}ois Pessaux},
   title = {\textsc{ML} Dependency analysis for assessors},
   journal = {Software Engineering and Formal Methods (SEFM), LNCS 7504, SPringler},
   month = {October},
   year = 2012,
}

@article{TTSS08,
  author = {P. Ayrault, T. Hardin et F. Pessaux},
  title = {Development life cycle of critical software under {\tt FoCal}},
  journal = {Software-TTSS'08,  ENTCS-Elsevier, editor, Harnessing Theories for Tool Support},
  year = 2008,
}

@article{TAP09,
  author = {P. Ayrault, T. Hardin et F. Pessaux},
  title = {Development of a Generic Voter under FoCal},
  journal = {TAP 2009 Proceedings , Third Int. Conference Tests and Proofs, Zurich", LNCS 5668, Springler},
  year = 2009,
}

@article{TTC08,
  author = {P. Ayrault, M. Carlier, D. Delahaye, C. Dubois, D. Doligez, L. Habib, T. Hardin, M. Jaume, C. Morisset, F. Pessaux, R. Rioboo and P. Weis},
  title = {Trusted Software within FoCaL},
  journal = {Trusting Trusted Computing, Rennes},
  month = {December},
  year = 2008,
}

@article{DASIA2001,
  author = {Philippe Ayrault, Otto Bruner, Jean-Loup Terraillon},
  title = {The safety analysis of the \textsc{HYDRA} control software},
  journal = {DAta Systems In Aerospace (DASIA)},
  year = 2001,
}

@article{JFLA2000,
  author = {Philippe Ayrault, Maxence Guesdon, Th\'er\`ese Hardin},
  title = {M\'ethodologie de d\'eveloppement d'un outil d'\'evaluation de la S\^uret\'e du logiciel en langage OCaml},
  journal = {JFLA 2000},
  month = {January},
  year = 2000,
}

########################################
#               These                  #
########################################

@PhdThesis{Phd-FParrennes,
  author = {F. Parrennes},
  title = {Analyse de sûreté du logiciel par interprétation abstraite et contraintes},
  school = {LIP6},
  year = 2002,
}

@PhdThesis{Phd-PAyrault,
  author = {P. Ayrault},
  title = {D\'eveloppement de logiciel critique en Focalize - M\'ethodologie et outils pour l'\'evaluation de conformit\'e},
  school = {LIP6},
  year = 2011,
}

@MasterThesis{Ing-PAyrault,
  author = {P. Ayrault},
  title = {S\'emantique, implantation et tests de {\tt Modulog}},
  school = {CNAM},
  year = 1994,
}

@PhdThesis{Phd-VBenayoun,
  author = {V. Benayoun},
  title = {Analyse de dépendances ML pour les évaluateurs de logiciels critiques},
  school = {CNAM},
  year = 2014,
}






